% !TeX encoding = Windows-1251
@INCOLLECTION{one,
  title        = {История КТ},
  booktitle    = {Статьи},
  organization = {Городская служба записи на МРТ и КТ исследования},
  address      = {Санкт-Петербург},
  note         = {URL:~{https://mrt-kt.ru/stati/istoria\_kt}\ Дата обращения: 25.10.2024.}
}
@INCOLLECTION{two,
  title        = {История развития МРТ},
  booktitle    = {Магнитно-резонансная томография},
  organization = {СПб больница РАН},
  address      = {Санкт-Петербург},
  note         = {URL:~{https://spbkbran.ru/ru/mrthistory/}\ Дата обращения: 25.10.2024.}
}
@article{history,
    title={Лучевая диагностика на службе Российской медицины},    
    author = {Д. Г. Росткова and С. В. Шаматкова},
    journal = {Смоленский медицинский альманах.},
    year = {2021},
    volume = {1, №2 (3)},
    pages = {91 -- 93},
    language = {russian}
}
@BOOK{ktmrt,
  author    = {А.П. Черняев and Д.В. Волков and  Е.Н. Лыкова},
  title     = {Физические методы визуализации в медицинской диагностике: Учеб. пособие},
  publisher = {М.: ООП физического факультета МГУ},
  year      = {2019},
  language  = {russian},
  pages     = {112},
}
@BOOK{itmo,
  author    = {М.Я. Марусина and А.О. Казначеева},
  title     = {Современные виды томографии. Учебное пособие.},
  publisher = {СПб: СПбГУ ИТМО},
  year      = {2006},
  language  = {russian},
  pages     = {132},
}
@INPROCEEDINGS{oth,
  year      = {2018},
  editor    = {Г.П. Котельников and А.Н. Волобуев and Е.Л. Овчинников and В.А. Калинин},
  booktitle = {Физика и медицина: создавая будущее : сборник материалов, Самара, 07 декабря 2018 года},
  pages     = {340},
  address   = {Самара},
  publisher = {НИЦ LJournal},
}